<record><leader>00000cas a22000007a 4500</leader><controlfield tag="001">21615774</controlfield><controlfield tag="008">900529d189219uuohuuu ne      0    0eng d</controlfield><datafield ind1=" " ind2=" " tag="010"><subfield code="a">sn 90068398 </subfield></datafield><datafield ind1=" " ind2=" " tag="040"><subfield code="a">ONP</subfield><subfield code="b">eng</subfield><subfield code="c">ONP</subfield><subfield code="d">OCLCQ</subfield></datafield><datafield ind1=" " ind2=" " tag="042"><subfield code="a">msc</subfield></datafield><datafield ind1="0" ind2=" " tag="130"><subfield code="a">Natural gas (Urbana, Ohio)</subfield></datafield><datafield ind1="1" ind2="0" tag="245"><subfield code="a">Natural gas.</subfield></datafield><datafield ind1=" " ind2=" " tag="260"><subfield code="a">Urbana, Ohio :</subfield><subfield code="b">Eleanor E.T. Weaver,</subfield><subfield code="c">1892-</subfield></datafield><datafield ind1=" " ind2=" " tag="300"><subfield code="a">v.</subfield></datafield><datafield ind1="0" ind2=" " tag="362"><subfield code="a">Vol. 1, no. 1 (Nov. 15, 1892)-</subfield></datafield><datafield ind1=" " ind2=" " tag="500"><subfield code="a">Published for the benefit of the public library.</subfield></datafield><datafield ind1=" " ind2="4" tag="651"><subfield code="a">Urbana (Ohio)</subfield><subfield code="v">Newspapers.</subfield></datafield><datafield ind1=" " ind2="4" tag="651"><subfield code="a">Champaign County (Ohio)</subfield><subfield code="v">Newspapers.</subfield></datafield><datafield ind1=" " ind2=" " tag="752"><subfield code="a">United States</subfield><subfield code="b">Ohio</subfield><subfield code="c">Champaign</subfield><subfield code="d">Urbana.</subfield></datafield><datafield ind1="1" ind2=" " tag="029"><subfield code="a">AU@</subfield><subfield code="b">000025874712</subfield></datafield></record>